@online{nextjsclock,
    title = {Next.js; what is it and why do we use it?},
    url={https://www.clock.co.uk/insight/next-js-what-is-it-and-why-do-we-use-it},
    year={2022},
    author={Adam Duncan},
    lastaccessed={March 16, 2022},
}

@misc{krates,
    title = {Krates},
    url={https://app.krat.es},
    year={2021},
    lastaccessed={March 16, 2022},
}

@misc{gform,
    title = {Authentica Google Form},
    url={https://docs.google.com/forms/d/e/1FAIpQLSdAmSsAsCL45LSqu5BVvgsm5E55W45aHWO6NKPandPZyn9Ajw/viewform},
    lastaccessed={March 16, 2022},
}

@misc{ueq,
    title = {User Experience Questionnaire},
    url={https://www.ueq-online.org},
    year={2018},
    lastaccessed={March 16, 2022},
}

@misc{geistui,
    title={Geist UI},
    url={https://geist-ui.dev/en-us},
    lastaccessed={March 16, 2022},
}

@misc{vercel,
    title={Next.js on Vercel},
    url={https://vercel.com/solutions/nextjs},
    year={2022},
    lastaccessed={March 16, 2022},
}

@misc{stablekernel,
    title={Advantages and Disadvantages of GraphQL},
    url={https://stablekernel.com/article/advantages-and-disadvantages-of-graphql/},
    year={2021},
    lastaccessed={March 16, 2022},
}

@misc{prismaorm,
    title={Should you use Prisma?},
    url={https://www.prisma.io/docs/concepts/overview/should-you-use-prisma},
    year={2022},
    lastaccessed={March 16, 2022},
}

@misc{javatpoint,
    title={GraphQL Advantages and Disadvantages},
    url={https://www.javatpoint.com/graphql-advantages-and-disadvantages},
    year={2021},
    lastaccessed={March 16, 2022},
}

@misc{elliptic,
    title={Elliptic},
    url={https://www.npmjs.com/package/elliptic},
    lastaccessed={March 16, 2022},
}

@misc{sha,
    title={js-sha3},
    url={https://www.npmjs.com/package/js-sha3},
    lastaccessed={March 16, 2022},
}

@misc{DRF,
    title={Django REST Framework},
    url={https://www.django-rest-framework.org/},
    lastaccessed={March 16, 2022},
}

@misc{eversign,
    title={Eversign},
    url={https://eversign.com/},
    lastaccessed={March 16, 2022},
    year={2022},
}

@misc{authenticarepo,
    title={Authentica Code Repository},
    url={https://github.com/ineshbose/authentica},
    lastaccessed={March 16, 2022},
    year={2022},
}

@misc{authenticavercel,
    title={Authentica},
    url={https://authentica-io.vercel.app/},
    lastaccessed={March 16, 2022},
    year={2022},
}
